%% This BibTeX bibliography file was created using BibDesk.
%% http://bibdesk.sourceforge.net/


%% Created for Christoffer Holmg√•rd at 2012-12-15 03:17:23 +0100 


%% Saved with string encoding Unicode (UTF-8) 



@electronic{sonypatent,
	Author = {Siliconera},
	Date-Added = {2012-12-15 02:14:25 +0000},
	Date-Modified = {2012-12-15 02:17:23 +0000},
	Title = {Sony Patent Reveals Biometric PS3 Controller And Handheld Sony Patent Reveals Biometric PS3 Controller and Handheld},
	Url = {http://www.siliconera.com/2011/11/01/sony-patent-reveals-biometric-ps3-controller-and-handheld/},
	Year = {2011}}

@periodical{wiivitality,
	Author = {Nintendo},
	Date-Added = {2012-12-15 02:10:33 +0000},
	Date-Modified = {2012-12-15 02:11:50 +0000},
	Title = {Wii Vitality Sensor - Nintendo Danmark},
	Url = {http://www.nintendo.dk/wii/tilbehoer/Wii-vitality-sensor}}

@article{perez2011generic,
	Author = {Perez Mart{\'\i}nez, H. and Garbarino, M. and Yannakakis, G.},
	Date-Added = {2012-12-15 02:09:06 +0000},
	Date-Modified = {2012-12-15 02:09:06 +0000},
	Journal = {Affective Computing and Intelligent Interaction},
	Pages = {267--276},
	Publisher = {Springer},
	Title = {Generic physiological features as predictors of player experience},
	Year = {2011}}

@book{boucsein2011electrodermal,
	Author = {Boucsein, W.},
	Date-Added = {2012-12-15 02:06:35 +0000},
	Date-Modified = {2012-12-15 02:06:35 +0000},
	Publisher = {Springer},
	Title = {Electrodermal activity},
	Year = {2011}}

@inproceedings{martinez2011mining,
	Author = {Mart{\'\i}nez, H.P. and Yannakakis, G.N.},
	Booktitle = {Proceedings of the 13th international conference on multimodal interfaces},
	Date-Added = {2012-12-15 01:59:30 +0000},
	Date-Modified = {2012-12-15 01:59:30 +0000},
	Organization = {ACM},
	Pages = {3--10},
	Title = {Mining multimodal sequential patterns: a case study on affect detection},
	Year = {2011}}

@inproceedings{drachen2010correlation,
	Author = {Drachen, A. and Nacke, L.E. and Yannakakis, G. and Pedersen, A.L.},
	Booktitle = {Proceedings of the 5th ACM SIGGRAPH Symposium on Video Games},
	Date-Added = {2012-12-15 01:59:19 +0000},
	Date-Modified = {2012-12-15 01:59:19 +0000},
	Organization = {ACM},
	Pages = {49--54},
	Title = {Correlation between heart rate, electrodermal activity and player experience in first-person shooter games},
	Year = {2010}}

@inproceedings{asteriadis2012towards,
	Author = {Asteriadis, S. and Shaker, N. and Karpouzis, K. and Yannakakis, G.N.},
	Booktitle = {Multimodal Corpora: How Should Multimodal Corpora Deal with the Situation? Workshop Programme},
	Date-Added = {2012-12-15 01:38:17 +0000},
	Date-Modified = {2012-12-15 01:38:17 +0000},
	Pages = {6},
	Title = {Towards Player's Affective and Behavioral Visual Cues as drives to Game Adaptation},
	Year = {2012}}

@inproceedings{ravaja2005psychophysiology,
	Author = {Ravaja, N. and Saari, T. and Laarni, J. and Kallinen, K. and Salminen, M. and Holopainen, J. and J{\"a}rvinen, A.},
	Booktitle = {Proceedings of the DiGRA conference Changing views: worlds in play},
	Date-Added = {2012-12-15 01:28:08 +0000},
	Date-Modified = {2012-12-15 01:28:08 +0000},
	Title = {The psychophysiology of video gaming: Phasic emotional responses to game events},
	Year = {2005}}

@electronic{ambinder2011,
	Author = {Michael Ambinder},
	Date-Added = {2012-12-15 01:20:23 +0000},
	Date-Modified = {2012-12-15 01:42:57 +0000},
	Title = {Biofeedback in Gameplay: How Valve Measures Physiology to Biofeedback in Gameplay: How Valve Measures Physiology to Enhance Gaming Experience},
	Url = {http://www.valvesoftware.com/publications/2011/ValveBiofeedback-Ambinder.pdf},
	Year = {2011}}

@article{picard1997affective,
	Author = {Picard, R.W.},
	Date-Added = {2012-12-15 01:19:39 +0000},
	Date-Modified = {2012-12-15 01:19:39 +0000},
	Journal = {The MIT Press, Cambridge (MA)},
	Pages = {170},
	Title = {Affective computing},
	Volume = {167},
	Year = {1997}}
